@misc{ho2014average,
      title={Average size of 2-Selmer groups of elliptic curves over function fields}, 
      author={Q. P. Ho and B. V. Le Hung and B. C. Ngo},
      year={2014},
      eprint={1310.7963},
      archivePrefix={arXiv},
      primaryClass={math.NT},
      howpublished = {\url{https://arxiv.org/abs/1310.7963}}
}

@article{Landesman_2021,
   title={The geometric average size of Selmer groups over function fields},
   volume={15},
   ISSN={1937-0652},
   url={http://dx.doi.org/10.2140/ant.2021.15.673},
   DOI={10.2140/ant.2021.15.673},
   number={3},
   journal={Algebra \& Number Theory},
   publisher={Mathematical Sciences Publishers},
   author={Landesman, Aaron},
   year={2021},
   month={May},
   pages={673â€“709}
}

@article{basic_hyper,
     author = {L{\o}nsted, Knud and Kleiman, Steven},
     title = {Basics on families of hyperelliptic curves},
     journal = {Compositio Mathematica},
     pages = {83--111},
     publisher = {Sijthoff et Noordhoff International Publishers},
     volume = {38},
     number = {1},
     year = {1979},
     zbl = {0406.14017},
     mrnumber = {523266},
     language = {en},
     url = {http://www.numdam.org/item/CM_1979__38_1_83_0/}
}

@misc{conrad-min,
    author = {Conrad, Brian},
    year = {2005},
    month = {},
    pages = {},
    title = {Minimal models for elliptic curves},
    howpublished = {\url{http://math.stanford.edu/~conrad/papers/minimalmodel.pdf}},
}

@misc{alper,
    author = {Alper, Jarod},
    year = {2022},
    month = {},
    pages = {},
    title = {Notes on Stacks and Moduli},
    howpublished = {\url{https://sites.math.washington.edu/~jarod/moduli.pdf}},
}

@misc{stacks-project,
  author       = {The {Stacks project authors}},
  title        = {The Stacks project},
  howpublished = {\url{https://stacks.math.columbia.edu}},
  year         = {2021},
}

@misc{aaron-geo-cl,
      title={A geometric approach to the Cohen-Lenstra heuristics}, 
      author={Aaron Landesman},
      year={2021},
      eprint={2106.10357},
      archivePrefix={arXiv},
      primaryClass={math.NT},
      howpublished = {\url{https://arxiv.org/abs/2106.10357}}
}

@misc{aaron-thesis,
      title={A thesis of minimal degree: two}, 
      author={Aaron Landesman},
      year={2021},
      howpublished = {\url{https://stacks.stanford.edu/file/druid:fv070dn6727/landesman-thesis-5-30-21-augmented.pdf}}
}

@article {compI,
    AUTHOR = {Altman, Allen B. and Kleiman, Steven L.},
     TITLE = {Compactifying the {P}icard scheme},
   JOURNAL = {Adv. in Math.},
  FJOURNAL = {Advances in Mathematics},
    VOLUME = {35},
      YEAR = {1980},
    NUMBER = {1},
     PAGES = {50--112},
      ISSN = {0001-8708},
   MRCLASS = {14K30 (14C05)},
  MRNUMBER = {555258},
MRREVIEWER = {T. Oda},
       DOI = {10.1016/0001-8708(80)90043-2},
       URL = {https://doi.org/10.1016/0001-8708(80)90043-2},
}
		

@article {compII,
    AUTHOR = {Altman, Allen B. and Kleiman, Steven L.},
     TITLE = {Compactifying the {P}icard scheme. {II}},
   JOURNAL = {Amer. J. Math.},
  FJOURNAL = {American Journal of Mathematics},
    VOLUME = {101},
      YEAR = {1979},
    NUMBER = {1},
     PAGES = {10--41},
      ISSN = {0002-9327},
   MRCLASS = {14K30 (14C05)},
  MRNUMBER = {527824},
MRREVIEWER = {T. Oda},
       DOI = {10.2307/2373937},
       URL = {https://doi.org/10.2307/2373937},
}
		
@incollection {kass,
    AUTHOR = {Kass, Jesse Leo},
     TITLE = {Singular curves and their compactified {J}acobians},
 BOOKTITLE = {A celebration of algebraic geometry},
    SERIES = {Clay Math. Proc.},
    VOLUME = {18},
     PAGES = {391--427},
 PUBLISHER = {Amer. Math. Soc., Providence, RI},
      YEAR = {2013},
   MRCLASS = {14H40 (14C20 14K30)},
  MRNUMBER = {3114949},
MRREVIEWER = {Arnaud Beauville},
}

@inproceedings {de-rap,
    AUTHOR = {Deligne, P. and Rapoport, M.},
     TITLE = {Les sch\'{e}mas de modules de courbes elliptiques},
 BOOKTITLE = {Modular functions of one variable, {II} ({P}roc. {I}nternat.
              {S}ummer {S}chool, {U}niv. {A}ntwerp, {A}ntwerp, 1972)},
     PAGES = {143--316. Lecture Notes in Math., Vol. 349},
      YEAR = {1973},
   MRCLASS = {14K10 (10D05)},
  MRNUMBER = {0337993},
MRREVIEWER = {T. Oda},
}

@book {silverman,
    AUTHOR = {Silverman, Joseph H.},
     TITLE = {The arithmetic of elliptic curves},
    SERIES = {Graduate Texts in Mathematics},
    VOLUME = {106},
   EDITION = {Second},
 PUBLISHER = {Springer, Dordrecht},
      YEAR = {2009},
     PAGES = {xx+513},
      ISBN = {978-0-387-09493-9},
   MRCLASS = {11-02 (11G05 11G20 14H52 14K15)},
  MRNUMBER = {2514094},
MRREVIEWER = {Vasil\cprime  \={I}. Andr\={\i}\u{\i}chuk},
       DOI = {10.1007/978-0-387-09494-6},
       URL = {https://doi.org/10.1007/978-0-387-09494-6},
}

@book {silverman2,
    AUTHOR = {Silverman, Joseph H.},
     TITLE = {Advanced topics in the arithmetic of elliptic curves},
    SERIES = {Graduate Texts in Mathematics},
    VOLUME = {151},
 PUBLISHER = {Springer-Verlag, New York},
      YEAR = {1994},
     PAGES = {xiv+525},
      ISBN = {0-387-94328-5},
   MRCLASS = {11G05 (11G07 11G15 11G40 14H52)},
  MRNUMBER = {1312368},
MRREVIEWER = {Henri Darmon},
       DOI = {10.1007/978-1-4612-0851-8},
       URL = {https://doi.org/10.1007/978-1-4612-0851-8},
}

@misc{cesnavicius2015selmer,
      title={Selmer groups as flat cohomology groups}, 
      author={Kestutis Cesnavicius},
      year={2015},
      eprint={1301.4724},
      archivePrefix={arXiv},
      primaryClass={math.NT},
      howpublished={\url{https://arxiv.org/abs/1301.4724}}
}

@incollection {dejong,
    AUTHOR = {de Jong, A. J.},
     TITLE = {Counting elliptic surfaces over finite fields},
      NOTE = {Dedicated to Yuri I. Manin on the occasion of his 65th
              birthday},
   JOURNAL = {Mosc. Math. J.},
  FJOURNAL = {Moscow Mathematical Journal},
    VOLUME = {2},
      YEAR = {2002},
    NUMBER = {2},
     PAGES = {281--311},
      ISSN = {1609-3321},
   MRCLASS = {11G05 (11G25 11G50 14G25)},
  MRNUMBER = {1944508},
MRREVIEWER = {Yuri Tschinkel},
       DOI = {10.17323/1609-4514-2002-2-2-281-311},
       URL = {https://doi-org.libproxy.mit.edu/10.17323/1609-4514-2002-2-2-281-311},
}

@book {mumford,
    AUTHOR = {Mumford, David},
     TITLE = {Abelian varieties},
    SERIES = {Tata Institute of Fundamental Research Studies in Mathematics},
    VOLUME = {5},
      NOTE = {With appendices by C. P. Ramanujam and Yuri Manin,
              Corrected reprint of the second (1974) edition},
 PUBLISHER = {Published for the Tata Institute of Fundamental Research,
              Bombay; by Hindustan Book Agency, New Delhi},
      YEAR = {2008},
     PAGES = {xii+263},
      ISBN = {978-81-85931-86-9; 81-85931-86-0},
   MRCLASS = {14Kxx},
  MRNUMBER = {2514037},
}

@book {neron,
    AUTHOR = {Bosch, Siegfried and L\"{u}tkebohmert, Werner and Raynaud, Michel},
     TITLE = {N\'{e}ron models},
    SERIES = {Ergebnisse der Mathematik und ihrer Grenzgebiete (3) [Results
              in Mathematics and Related Areas (3)]},
    VOLUME = {21},
 PUBLISHER = {Springer-Verlag, Berlin},
      YEAR = {1990},
     PAGES = {x+325},
      ISBN = {3-540-50587-3},
   MRCLASS = {14K15 (11G10 14L15)},
  MRNUMBER = {1045822},
MRREVIEWER = {James Milne},
       DOI = {10.1007/978-3-642-51438-8},
       URL = {https://doi-org.libproxy.mit.edu/10.1007/978-3-642-51438-8},
}

@incollection {wpv,
    AUTHOR = {Dolgachev, Igor},
     TITLE = {Weighted projective varieties},
 BOOKTITLE = {Group actions and vector fields ({V}ancouver, {B}.{C}., 1981)},
    SERIES = {Lecture Notes in Math.},
    VOLUME = {956},
     PAGES = {34--71},
 PUBLISHER = {Springer, Berlin},
      YEAR = {1982},
   MRCLASS = {14L32 (14A05 14B05)},
  MRNUMBER = {704986},
       DOI = {10.1007/BFb0101508},
       URL = {https://doi.org/10.1007/BFb0101508},
}

@book {olsson,
    AUTHOR = {Olsson, Martin},
     TITLE = {Algebraic spaces and stacks},
    SERIES = {American Mathematical Society Colloquium Publications},
    VOLUME = {62},
 PUBLISHER = {American Mathematical Society, Providence, RI},
      YEAR = {2016},
     PAGES = {xi+298},
      ISBN = {978-1-4704-2798-6},
   MRCLASS = {14D23 (14D22)},
  MRNUMBER = {3495343},
MRREVIEWER = {Stefan Schr\"{o}er},
       DOI = {10.1090/coll/062},
       URL = {https://doi.org/10.1090/coll/062},
}

@article {ulmer-p,
    AUTHOR = {Ulmer, Douglas L.},
     TITLE = {{$p$}-descent in characteristic {$p$}},
   JOURNAL = {Duke Math. J.},
  FJOURNAL = {Duke Mathematical Journal},
    VOLUME = {62},
      YEAR = {1991},
    NUMBER = {2},
     PAGES = {237--265},
      ISSN = {0012-7094},
   MRCLASS = {11G40 (11G05 11G18)},
  MRNUMBER = {1104524},
MRREVIEWER = {Philippe Satg\'{e}},
       DOI = {10.1215/S0012-7094-91-06210-1},
       URL = {https://doi.org/10.1215/S0012-7094-91-06210-1},
}

@book {hart,
    AUTHOR = {Hartshorne, Robin},
     TITLE = {Algebraic geometry},
    SERIES = {Graduate Texts in Mathematics, No. 52},
 PUBLISHER = {Springer-Verlag, New York-Heidelberg},
      YEAR = {1977},
     PAGES = {xvi+496},
      ISBN = {0-387-90244-9},
   MRCLASS = {14-01},
  MRNUMBER = {0463157},
MRREVIEWER = {Robert Speiser},
}

@article {kleiman-duality,
    AUTHOR = {Kleiman, Steven L.},
     TITLE = {Relative duality for quasicoherent sheaves},
   JOURNAL = {Compositio Math.},
  FJOURNAL = {Compositio Mathematica},
    VOLUME = {41},
      YEAR = {1980},
    NUMBER = {1},
     PAGES = {39--60},
      ISSN = {0010-437X},
   MRCLASS = {14F20},
  MRNUMBER = {578050},
MRREVIEWER = {Zoghman Mebkhout},
       URL = {http://www.numdam.org/item?id=CM_1980__41_1_39_0},
}
	
@inproceedings {deligne,
    AUTHOR = {Deligne, P.},
     TITLE = {Courbes elliptiques: formulaire d'apr\`es {J}. {T}ate},
 BOOKTITLE = {Modular functions of one variable, {IV} ({P}roc. {I}nternat.
              {S}ummer {S}chool, {U}niv. {A}ntwerp, {A}ntwerp, 1972)},
     PAGES = {53--73. Lecture Notes in Math., Vol. 476},
      YEAR = {1975},
   MRCLASS = {14K15 (10D05)},
  MRNUMBER = {0387292},
MRREVIEWER = {Jacques Velu},
}

@book {katz-mazur,
    AUTHOR = {Katz, Nicholas M. and Mazur, Barry},
     TITLE = {Arithmetic moduli of elliptic curves},
    SERIES = {Annals of Mathematics Studies},
    VOLUME = {108},
 PUBLISHER = {Princeton University Press, Princeton, NJ},
      YEAR = {1985},
     PAGES = {xiv+514},
      ISBN = {0-691-08349-5; 0-691-08352-5},
   MRCLASS = {11G05 (11F11 14G25 14K15)},
  MRNUMBER = {772569},
MRREVIEWER = {Kenneth A. Ribet},
       DOI = {10.1515/9781400881710},
       URL = {https://doi.org/10.1515/9781400881710},
}
	
@misc{tama,
  doi = {10.48550/ARXIV.MATH/0503383},
  
  url = {https://arxiv.org/abs/math/0503383},
  
  author = {Behrend, K. and Dhillon, A.},
  
  keywords = {Number Theory (math.NT), Algebraic Geometry (math.AG), Representation Theory (math.RT), FOS: Mathematics, FOS: Mathematics},
  
  title = {Connected components of moduli stacks of torsors via Tamagawa numbers},
  
  publisher = {arXiv},
  
  year = {2005},
  
  copyright = {Assumed arXiv.org perpetual, non-exclusive license to distribute this article for submissions made before January 2004}
}

@article {bhar-shan,
    AUTHOR = {Bhargava, Manjul and Shankar, Arul},
     TITLE = {Binary quartic forms having bounded invariants, and the
              boundedness of the average rank of elliptic curves},
   JOURNAL = {Ann. of Math. (2)},
  FJOURNAL = {Annals of Mathematics. Second Series},
    VOLUME = {181},
      YEAR = {2015},
    NUMBER = {1},
     PAGES = {191--242},
      ISSN = {0003-486X},
   MRCLASS = {11E20 (14G25)},
  MRNUMBER = {3272925},
MRREVIEWER = {John M. Voight},
       DOI = {10.4007/annals.2015.181.1.3},
       URL = {https://doi-org.libproxy.mit.edu/10.4007/annals.2015.181.1.3},
}

@book {liu,
    AUTHOR = {Liu, Qing},
     TITLE = {Algebraic geometry and arithmetic curves},
    SERIES = {Oxford Graduate Texts in Mathematics},
    VOLUME = {6},
      NOTE = {Translated from the French by Reinie Ern\'{e},
              Oxford Science Publications},
 PUBLISHER = {Oxford University Press, Oxford},
      YEAR = {2002},
     PAGES = {xvi+576},
      ISBN = {0-19-850284-2},
   MRCLASS = {14-01 (11G30 14A05 14A15 14Gxx 14Hxx)},
  MRNUMBER = {1917232},
MRREVIEWER = {C\'{\i}cero Carvalho},
}

@book {giraud,
    AUTHOR = {Giraud, Jean},
     TITLE = {Cohomologie non ab\'{e}lienne},
    SERIES = {Die Grundlehren der mathematischen Wissenschaften, Band 179},
 PUBLISHER = {Springer-Verlag, Berlin-New York},
      YEAR = {1971},
     PAGES = {ix+467},
   MRCLASS = {14F20 (14L99 18D30 18F20 55B99 55F65)},
  MRNUMBER = {0344253},
MRREVIEWER = {R. T. Hoobler},
}

@misc{kleiman2005picard,
      title={The Picard scheme}, 
      author={Steven L. Kleiman},
      year={2005},
      eprint={math/0504020},
      archivePrefix={arXiv},
      primaryClass={math.AG}
}

@book {serre-lf,
    AUTHOR = {Serre, Jean-Pierre},
     TITLE = {Local fields},
    SERIES = {Graduate Texts in Mathematics},
    VOLUME = {67},
      NOTE = {Translated from the French by Marvin Jay Greenberg},
 PUBLISHER = {Springer-Verlag, New York-Berlin},
      YEAR = {1979},
     PAGES = {viii+241},
      ISBN = {0-387-90424-7},
   MRCLASS = {12Bxx},
  MRNUMBER = {554237},
}

@article {serre-tate,
    AUTHOR = {Serre, Jean-Pierre and Tate, John},
     TITLE = {Good reduction of abelian varieties},
   JOURNAL = {Ann. of Math. (2)},
  FJOURNAL = {Annals of Mathematics. Second Series},
    VOLUME = {88},
      YEAR = {1968},
     PAGES = {492--517},
      ISSN = {0003-486X},
   MRCLASS = {14.51},
  MRNUMBER = {236190},
MRREVIEWER = {M. J. Greenberg},
       DOI = {10.2307/1970722},
       URL = {https://doi.org/10.2307/1970722},
}

@article {aaron-selmer,
    AUTHOR = {Landesman, Aaron},
     TITLE = {The geometric average size of {S}elmer groups over function
              fields},
   JOURNAL = {Algebra Number Theory},
  FJOURNAL = {Algebra \& Number Theory},
    VOLUME = {15},
      YEAR = {2021},
    NUMBER = {3},
     PAGES = {673--709},
      ISSN = {1937-0652},
   MRCLASS = {11G05 (11N45 11R58)},
  MRNUMBER = {4261097},
MRREVIEWER = {John M. Voight},
       DOI = {10.2140/ant.2021.15.673},
       URL = {https://doi-org.libproxy.mit.edu/10.2140/ant.2021.15.673},
}

@article {liu:global-weier,
    AUTHOR = {Liu, Qing},
     TITLE = {Global {W}eierstrass equations of hyperelliptic curves},
   JOURNAL = {Trans. Amer. Math. Soc.},
  FJOURNAL = {Transactions of the American Mathematical Society},
    VOLUME = {375},
      YEAR = {2022},
    NUMBER = {8},
     PAGES = {5889--5906},
      ISSN = {0002-9947},
   MRCLASS = {11G30 (11G05 14D10 14H25)},
  MRNUMBER = {4469240},
       DOI = {10.1090/tran/8672},
       URL = {https://doi-org.libproxy.mit.edu/10.1090/tran/8672},
}

@article {sadek:genus-1,
    AUTHOR = {Sadek, Mohammad},
     TITLE = {Counting models of genus one curves},
   JOURNAL = {Math. Proc. Cambridge Philos. Soc.},
  FJOURNAL = {Mathematical Proceedings of the Cambridge Philosophical
              Society},
    VOLUME = {150},
      YEAR = {2011},
    NUMBER = {3},
     PAGES = {399--417},
      ISSN = {0305-0041},
   MRCLASS = {11G07 (14H52)},
  MRNUMBER = {2784767},
MRREVIEWER = {Aristides I. Kontogeorgis},
       DOI = {10.1017/S0305004110000666},
       URL = {https://doi-org.libproxy.mit.edu/10.1017/S0305004110000666},
}

@article {period-index,
    AUTHOR = {O'Neil, Catherine},
     TITLE = {The period-index obstruction for elliptic curves},
   JOURNAL = {J. Number Theory},
  FJOURNAL = {Journal of Number Theory},
    VOLUME = {95},
      YEAR = {2002},
    NUMBER = {2},
     PAGES = {329--339},
      ISSN = {0022-314X},
   MRCLASS = {11G05},
  MRNUMBER = {1924106},
MRREVIEWER = {Imin Chen},
       DOI = {10.1016/S0022-314X(01)92770-2},
       URL = {https://doi-org.libproxy.mit.edu/10.1016/S0022-314X(01)92770-2},
}

@book {mw-lattice,
    AUTHOR = {Sch\"{u}tt, Matthias and Shioda, Tetsuji},
     TITLE = {Mordell-{W}eil lattices},
    SERIES = {Ergebnisse der Mathematik und ihrer Grenzgebiete. 3. Folge. A
              Series of Modern Surveys in Mathematics [Results in
              Mathematics and Related Areas. 3rd Series. A Series of Modern
              Surveys in Mathematics]},
    VOLUME = {70},
 PUBLISHER = {Springer, Singapore},
      YEAR = {2019},
     PAGES = {xvi+431},
      ISBN = {978-981-32-9300-7; 978-981-32-9301-4},
   MRCLASS = {11G05 (11F80 11H06 14J20 14J26 14J27 14J28)},
  MRNUMBER = {3970314},
MRREVIEWER = {\'{A}lvaro Lozano-Robledo},
       DOI = {10.1007/978-981-32-9301-4},
       URL = {https://doi-org.libproxy.mit.edu/10.1007/978-981-32-9301-4},
}

@article {oort-tate,
    AUTHOR = {Tate, John and Oort, Frans},
     TITLE = {Group schemes of prime order},
   JOURNAL = {Ann. Sci. \'{E}cole Norm. Sup. (4)},
  FJOURNAL = {Annales Scientifiques de l'\'{E}cole Normale Sup\'{e}rieure. Quatri\`eme
              S\'{e}rie},
    VOLUME = {3},
      YEAR = {1970},
     PAGES = {1--21},
      ISSN = {0012-9593},
   MRCLASS = {14.50},
  MRNUMBER = {265368},
MRREVIEWER = {James Milne},
       URL = {http://www.numdam.org.libproxy.mit.edu/item?id=ASENS_1970_4_3_1_1_0},
}

@article {brumer,
    AUTHOR = {Brumer, Armand},
     TITLE = {The average rank of elliptic curves. {I}},
   JOURNAL = {Invent. Math.},
  FJOURNAL = {Inventiones Mathematicae},
    VOLUME = {109},
      YEAR = {1992},
    NUMBER = {3},
     PAGES = {445--472},
      ISSN = {0020-9910},
   MRCLASS = {11G05 (11G40)},
  MRNUMBER = {1176198},
MRREVIEWER = {John W. Jones},
       DOI = {10.1007/BF01232033},
       URL = {https://doi-org.libproxy.mit.edu/10.1007/BF01232033},
}

@book {apostol,
    AUTHOR = {Apostol, Tom M.},
     TITLE = {Introduction to analytic number theory},
    SERIES = {Undergraduate Texts in Mathematics},
 PUBLISHER = {Springer-Verlag, New York-Heidelberg},
      YEAR = {1976},
     PAGES = {xii+338},
   MRCLASS = {10-01 (10AXX 10HXX)},
  MRNUMBER = {0434929},
MRREVIEWER = {E. Grosswald},
}

@article {ogg,
    AUTHOR = {Ogg, A. P.},
     TITLE = {Elliptic curves and wild ramification},
   JOURNAL = {Amer. J. Math.},
  FJOURNAL = {American Journal of Mathematics},
    VOLUME = {89},
      YEAR = {1967},
     PAGES = {1--21},
      ISSN = {0002-9327},
   MRCLASS = {14.49 (14.51)},
  MRNUMBER = {207694},
MRREVIEWER = {Joseph Lipman},
       DOI = {10.2307/2373092},
       URL = {https://doi-org.libproxy.mit.edu/10.2307/2373092},
}

@inproceedings {mum-suo-moduli,
    AUTHOR = {Mumford, David and Suominen, Kalevi},
     TITLE = {Introduction to the theory of moduli},
 BOOKTITLE = {Algebraic geometry, {O}slo 1970 ({P}roc. {F}ifth {N}ordic
              {S}ummer {S}chool in {M}ath.)},
     PAGES = {171--222},
 PUBLISHER = {Wolters-Noordhoff, Groningen},
      YEAR = {1972},
   MRCLASS = {14D20},
  MRNUMBER = {0437531},
MRREVIEWER = {H. Popp},
}

@article {AOV,
    AUTHOR = {Abramovich, Dan and Olsson, Martin and Vistoli, Angelo},
     TITLE = {Tame stacks in positive characteristic},
   JOURNAL = {Ann. Inst. Fourier (Grenoble)},
  FJOURNAL = {Universit\'{e} de Grenoble. Annales de l'Institut Fourier},
    VOLUME = {58},
      YEAR = {2008},
    NUMBER = {4},
     PAGES = {1057--1091},
      ISSN = {0373-0956,1777-5310},
   MRCLASS = {14A20 (14L15)},
  MRNUMBER = {2427954},
MRREVIEWER = {Hsian-Hua\ Tseng},
       URL = {http://aif.cedram.org/item?id=AIF_2008__58_4_1057_0},
}